<?xml version="1.0" encoding="UTF-8"?><collection xmlns="http://www.loc.gov/MARC21/slim"><record><leader>00731nam--2200193-i-4500</leader><controlfield tag="001">000007848</controlfield><controlfield tag="002">20161230</controlfield><controlfield tag="005">20161230201027</controlfield><controlfield tag="008">060222s1000------------r-----000-0-eng-d</controlfield><datafield ind1=" " ind2=" " tag="040"><subfield code="a">IFIN-HH</subfield></datafield><datafield ind1=" " ind2=" " tag="080"><subfield code="a">539.12.01</subfield></datafield><datafield ind1="1" ind2=" " tag="100"><subfield code="a">Dewitt, C</subfield></datafield><datafield ind1="1" ind2="0" tag="245"><subfield code="a">Physique des hautes energies. high energy physics</subfield><subfield code="b">Lectures delivered at les hoches during the 1965 session of the summer school of theoretical physics with a grant nato, cours donnes aux houches en 1965</subfield><subfield code="c">C. dewitt, m. jacob (eds.)</subfield></datafield><datafield ind1=" " ind2=" " tag="260"><subfield code="a">New York</subfield><subfield code="b">Gordon And Breach</subfield><subfield code="c">1965</subfield></datafield><datafield ind1=" " ind2=" " tag="300"><subfield code="a">XI+509P</subfield></datafield><datafield ind1=" " ind2=" " tag="490"><subfield code="a">Universite De Grenoble, Ecole D'Ete De Physique Theorique Les Houches</subfield></datafield><datafield ind1="1" ind2=" " tag="700"><subfield code="a">Jacob, M</subfield><subfield code="e">Ed</subfield></datafield><datafield ind1=" " ind2=" " tag="852"><subfield code="a">24812</subfield><subfield code="c">539.131</subfield></datafield><datafield ind1=" " ind2=" " tag="CAT"><subfield code="a">Sys</subfield><subfield code="c">20120229</subfield><subfield code="h">122852</subfield></datafield></record></collection>